<record><leader>00000cas a2200000 a 4500</leader><controlfield tag="001">8814243</controlfield><controlfield tag="008">820928d18761902iaudn ne      0    0eng  </controlfield><datafield ind1=" " ind2=" " tag="010"><subfield code="a">sn 82015550 </subfield></datafield><datafield ind1=" " ind2=" " tag="040"><subfield code="a">DLC</subfield><subfield code="b">eng</subfield><subfield code="c">DLC</subfield><subfield code="d">NPW</subfield><subfield code="d">NPX</subfield><subfield code="d">INP</subfield><subfield code="d">DLC</subfield><subfield code="d">INP</subfield><subfield code="d">CNW</subfield><subfield code="d">NVF</subfield><subfield code="d">DLC</subfield><subfield code="d">CRL</subfield><subfield code="d">UKMGB</subfield><subfield code="d">OCLCQ</subfield><subfield code="d">OCLCF</subfield><subfield code="d">CRL</subfield></datafield><datafield ind1="7" ind2=" " tag="016"><subfield code="a">013889778</subfield><subfield code="2">Uk</subfield></datafield><datafield ind1=" " ind2=" " tag="042"><subfield code="a">pcc</subfield></datafield><datafield ind1=" " ind2=" " tag="043"><subfield code="a">n-us-ia</subfield></datafield><datafield ind1="0" ind2="0" tag="050"><subfield code="a">Newspaper</subfield></datafield><datafield ind1=" " ind2=" " tag="090"><subfield code="a">AN</subfield></datafield><datafield ind1="0" ind2=" " tag="130"><subfield code="a">Iowa State register (Des Moines, Iowa : 1876)</subfield></datafield><datafield ind1="1" ind2="0" tag="245"><subfield code="a">Iowa State register.</subfield></datafield><datafield ind1="1" ind2="3" tag="246"><subfield code="a">Daily State register</subfield></datafield><datafield ind1=" " ind2=" " tag="260"><subfield code="a">Des Moines, Iowa :</subfield><subfield code="b">Clarkson Bros.,</subfield><subfield code="c">1876-1902.</subfield></datafield><datafield ind1=" " ind2=" " tag="300"><subfield code="a">v.</subfield></datafield><datafield ind1=" " ind2=" " tag="310"><subfield code="a">Daily (except Monday)</subfield></datafield><datafield ind1=" " ind2=" " tag="336"><subfield code="a">text</subfield><subfield code="b">txt</subfield><subfield code="2">rdacontent</subfield></datafield><datafield ind1=" " ind2=" " tag="337"><subfield code="a">unmediated</subfield><subfield code="b">n</subfield><subfield code="2">rdamedia</subfield></datafield><datafield ind1=" " ind2=" " tag="338"><subfield code="a">volume</subfield><subfield code="b">nc</subfield><subfield code="2">rdacarrier</subfield></datafield><datafield ind1="0" ind2=" " tag="362"><subfield code="a">Vol. 15, no. 49 (Feb. 4, 1876)-v. 24, no. 11 (Jan. 13, 1885) ; Jan. 14, 1885-June 29, 1902.</subfield></datafield><datafield ind1=" " ind2=" " tag="500"><subfield code="a">"Republican."</subfield></datafield><datafield ind1=" " ind2=" " tag="530"><subfield code="a">Also issued on microfilm from the Library of Congress, Photoduplication Service.</subfield></datafield><datafield ind1=" " ind2=" " tag="588"><subfield code="a">Description based on: Vol. 15, no. 169 (June 28, 1876).</subfield></datafield><datafield ind1=" " ind2="0" tag="651"><subfield code="a">Des Moines (Iowa)</subfield><subfield code="v">Newspapers.</subfield></datafield><datafield ind1=" " ind2="0" tag="651"><subfield code="a">Polk County (Iowa)</subfield><subfield code="v">Newspapers.</subfield></datafield><datafield ind1=" " ind2="7" tag="651"><subfield code="a">Iowa</subfield><subfield code="z">Des Moines.</subfield><subfield code="2">fast</subfield><subfield code="0">(OCoLC)fst01205836</subfield></datafield><datafield ind1=" " ind2="7" tag="651"><subfield code="a">Iowa</subfield><subfield code="z">Polk County.</subfield><subfield code="2">fast</subfield><subfield code="0">(OCoLC)fst01216376</subfield></datafield><datafield ind1=" " ind2="7" tag="655"><subfield code="a">Newspapers.</subfield><subfield code="2">fast</subfield><subfield code="0">(OCoLC)fst01423814</subfield></datafield><datafield ind1=" " ind2=" " tag="752"><subfield code="a">United States</subfield><subfield code="b">Iowa</subfield><subfield code="c">Polk</subfield><subfield code="d">Des Moines.</subfield></datafield><datafield ind1="0" ind2=" " tag="775"><subfield code="t">Weekly Iowa State register</subfield><subfield code="w">(DLC)sn 82014117</subfield><subfield code="g">1876-1885</subfield></datafield><datafield ind1="0" ind2=" " tag="775"><subfield code="t">Iowa state register (Des Moines, Iowa : 1885)</subfield><subfield code="w">(DLC)sn 85049899</subfield><subfield code="g">1885-1902</subfield></datafield><datafield ind1="0" ind2="8" tag="776"><subfield code="i">Online version:</subfield><subfield code="t">Iowa State register (Des Moines, Iowa : 1876)</subfield><subfield code="w">(OCoLC)993258906</subfield></datafield><datafield ind1="0" ind2="0" tag="780"><subfield code="t">Iowa daily State register</subfield><subfield code="w">(DLC)sn 82015549</subfield><subfield code="w">(OCoLC)8814278</subfield></datafield><datafield ind1="0" ind2="7" tag="785"><subfield code="t">Des Moines daily leader</subfield><subfield code="w">(DLC)sn 84037014</subfield></datafield><datafield ind1="0" ind2="7" tag="785"><subfield code="t">Register and leader</subfield><subfield code="w">(DLC)sn 82016491</subfield></datafield><datafield ind1="1" ind2=" " tag="029"><subfield code="a">AU@</subfield><subfield code="b">000024292165</subfield></datafield></record>